<record><leader>00000cas a2200000 a 4500</leader><controlfield tag="001">11870254</controlfield><controlfield tag="008">850401d18791885ksuwr ne      0    0eng d</controlfield><datafield ind1=" " ind2=" " tag="010"><subfield code="a">sn 85031124 </subfield></datafield><datafield ind1=" " ind2=" " tag="040"><subfield code="a">KSH</subfield><subfield code="b">eng</subfield><subfield code="c">KSH</subfield><subfield code="d">NPT</subfield><subfield code="d">NPX</subfield><subfield code="d">OCL</subfield><subfield code="d">OCLCQ</subfield></datafield><datafield ind1=" " ind2=" " tag="042"><subfield code="a">msc</subfield></datafield><datafield ind1="0" ind2=" " tag="130"><subfield code="a">McPherson Republican (McPherson, Kan. : 1879)</subfield></datafield><datafield ind1="1" ind2="0" tag="245"><subfield code="a">McPherson Republican.</subfield></datafield><datafield ind1=" " ind2=" " tag="260"><subfield code="a">McPherson, Kan. :</subfield><subfield code="b">Mead &amp; Presbrey,</subfield><subfield code="c">-1885.</subfield></datafield><datafield ind1=" " ind2=" " tag="300"><subfield code="a">v. :</subfield><subfield code="b">ill. ;</subfield><subfield code="c">55-68 cm.</subfield></datafield><datafield ind1=" " ind2=" " tag="310"><subfield code="a">Weekly</subfield></datafield><datafield ind1="0" ind2=" " tag="362"><subfield code="a">-v. 13, no. 27 (Sept. 18, 1885).</subfield></datafield><datafield ind1="1" ind2=" " tag="362"><subfield code="a">Began in 1879.</subfield><subfield code="z">Cf. NIM.</subfield></datafield><datafield ind1=" " ind2=" " tag="500"><subfield code="a">Publishers: Mead &amp; Watkins, June 24, 1880-Dec. 29, 1881; Mead &amp; Conklin, Jan. 5, 1882-Apr. 17, 1884; Mead &amp; Dunham, Apr. 24, 1884-Sept. 18, 1885.</subfield></datafield><datafield ind1=" " ind2=" " tag="525"><subfield code="a">Includes supplement called: New Century Pictorial edition, Mar. 1, 1901.</subfield></datafield><datafield ind1=" " ind2=" " tag="588"><subfield code="a">Description based on: Vol. 7, no. 38 (Dec. 11, 1879).</subfield></datafield><datafield ind1=" " ind2=" " tag="752"><subfield code="a">United States</subfield><subfield code="b">Kansas</subfield><subfield code="c">McPherson</subfield><subfield code="d">McPherson.</subfield></datafield><datafield ind1="0" ind2="0" tag="780"><subfield code="t">McPherson independent</subfield><subfield code="w">(DLC)sn 85031123</subfield></datafield><datafield ind1="0" ind2="5" tag="780"><subfield code="t">Canton mirror</subfield><subfield code="g">Mar. 1881</subfield><subfield code="w">(DLC)sn 85031101</subfield></datafield><datafield ind1="0" ind2="7" tag="785"><subfield code="t">McPherson weekly press</subfield><subfield code="w">(DLC)sn 85031126</subfield></datafield><datafield ind1="0" ind2="7" tag="785"><subfield code="t">McPherson Republican and weekly press</subfield><subfield code="w">(DLC)sn 85031139</subfield></datafield></record>